@misc{Sulaiman2022fair,
  author       = {Modar Sulaiman and Kallol Roy},
  title        = {Fair Classification via Transformer Neural Networks: Case Study of an Educational Domain},
  year         = {2022},
  howpublished = {arXiv preprint arXiv:2206.01410},
  note         = {\url{https://arxiv.org/abs/2206.01410}, accessed 2025-06-09}
}

@misc{danofer2022lawschool,
  author       = {{danofer}},
  title        = {Law School Admissions Bar Passage},
  year         = {2022},
  howpublished = {Kaggle Dataset},
  url          = {https://www.kaggle.com/datasets/danofer/law-school-admissions-bar-passage/data},
  note         = {accessed 2025-06-09}
}

@misc{unknown2023fairadmission,
  title        = {Fair and Transparent Student Admission Prediction Using Machine Learning Models},
  year         = {2023},
  howpublished = {ResearchGate},
  url          = {https://www.researchgate.net/publication/387044808_Fair_and_Transparent_Student_Admission_Prediction_Using_Machine_Learning_Models\#read},
  note         = {accessed 2025-06-09}
}

@misc{lsacdata,
  author       = {{LSAC}},
  title        = {LSAC National Longitudinal Bar Passage Dataset},
  year         = {1998},
  url          = {https://www.kaggle.com/datasets/danofer/law-school-admissions-bar-passage},
  note         = {accessed 2025-06-09}
}
